@book{nigel:csharp,
	author		= {{Nigel, Christian}},
	title		= {Professional and .NET 4},
	publisher	= {Wiley-Publishing},
	year		= {2010},
	isbn		= {978-0-470-50225-9},
}

@book{prata:cprimer,
	author		= {{Prata, Stephen}},
	title		= {Primer Plus},
	publisher	= {Addison-Wesley},
	year		= {2011},
	month		= {10},
	edition		= {6th edition,},
	isbn		= {0-321-77640-2},
}

@online{various:qtdoc,
	author		= {{Qt-Project}},
	title		= {Qt Online Reference Documentation},
	year		= {2012},
	url			= {http://qt-project.org/doc/qt-5.0/}
}

@online{various:qtwiki,
	author		= {{Qt-Project}},
	title		= {Qt Online Wikipedia},
	year		= {2012},
	url			= {http://qt-project.org/wiki/}
}

@techreport{various:cppstandard,
    author		= {{Du Toit, Stefanus}},
    title		= {Working Draft N3337, Standard for Programming Language},
    institution	= {International Organization for Standardization/International Electrotechnical Commission},
    year		= {2012},
}

@online{stallman:gnugpl,
	author		= {{Stallman, Richard M.}},
	title		= {GNU General Public License},
	version		= {3},
	organization= {Free Software Foundation},
	date		= {2007-06-29},
	url			= {http://www.gnu.org/copyleft/gpl.html},
	urldate		= {2012-08-29},
}